<record><leader>00000cas a22000007a 4500</leader><controlfield tag="001">12006410</controlfield><controlfield tag="008">850507d19051916iauwr ne      0    0eng d</controlfield><datafield ind1=" " ind2=" " tag="010"><subfield code="a">sn 85049593 </subfield></datafield><datafield ind1=" " ind2=" " tag="040"><subfield code="a">INP</subfield><subfield code="b">eng</subfield><subfield code="c">INP</subfield><subfield code="d">OCLCQ</subfield></datafield><datafield ind1=" " ind2=" " tag="042"><subfield code="a">msc</subfield></datafield><datafield ind1="0" ind2="0" tag="245"><subfield code="a">Inter-county journal.</subfield></datafield><datafield ind1=" " ind2=" " tag="260"><subfield code="a">Ackley, Iowa :</subfield><subfield code="b">Ora E. Scales</subfield></datafield><datafield ind1=" " ind2=" " tag="300"><subfield code="a">v. :</subfield><subfield code="b">ill.</subfield></datafield><datafield ind1=" " ind2=" " tag="310"><subfield code="a">Weekly</subfield></datafield><datafield ind1="1" ind2=" " tag="362"><subfield code="a">Issued Oct. 1905-1916.</subfield></datafield><datafield ind1=" " ind2=" " tag="500"><subfield code="a">"A Republican weekly," Oct. 13, 1905-</subfield></datafield><datafield ind1=" " ind2=" " tag="515"><subfield code="a">Occasional issues misdated.</subfield></datafield><datafield ind1=" " ind2=" " tag="588"><subfield code="a">Description based on: Vol. 31, no. 45 (Oct. 13, 1905).</subfield></datafield><datafield ind1=" " ind2=" " tag="752"><subfield code="a">United States</subfield><subfield code="b">Iowa</subfield><subfield code="c">Hardin</subfield><subfield code="d">Ackley.</subfield></datafield><datafield ind1="0" ind2="0" tag="780"><subfield code="t">Ackley phonograph</subfield><subfield code="w">(DLC)sn 85049592</subfield></datafield><datafield ind1="0" ind2="7" tag="785"><subfield code="t">Ackley world</subfield><subfield code="w">(DLC)sn 85049594</subfield></datafield><datafield ind1="0" ind2="7" tag="785"><subfield code="t">Ackley world-journal</subfield><subfield code="w">(DLC)sn 85049591</subfield></datafield></record>